@article{Dirac1953888,
  title   = "The lorentz transformation and absolute time",
  journal = "Physica ",
  volume  = "19",
  number  = "1-â€“12",
  pages   = "888--896",
  year    = "1953",
  doi     = "10.1016/S0031-8914(53)80099-6",
  author  = "P.A.M. Dirac"
}

@article{Feynman1963118,
  title   = "The theory of a general quantum system interacting with a linear dissipative system",
  journal = "Annals of Physics ",
  volume  = "24",
  pages   = "118--173",
  year    = "1963",
  doi     = "10.1016/0003-4916(63)90068-X",
  author  = "R.P Feynman and F.L {Vernon Jr.}"
}


@article{Schwartz18,
  title = "A new computational method to quantify 3D383image data and to detail changes in morphological structure and spatial384relationships during nervous system development.",
  author = "M. Schwartz, J. Schnab, B.S. Baumer, M. Barresi",
  year = "2018"
}

@article{Hu18,
  title   = "Classification of Wild type and Mutant Zebrafish Brains viaComputational Method.",
  author  = "S. Hu, W. Li, D. Tang, J.Y. Yun",
  year    = "2018"
}
