@article{Dirac1953888,
  title   = "The lorentz transformation and absolute time",
  journal = "Physica ",
  volume  = "19",
  number  = "1-–12",
  pages   = "888--896",
  year    = "1953",
  doi     = "10.1016/S0031-8914(53)80099-6",
  author  = "P.A.M. Dirac"
}

@article{Feynman1963118,
  title   = "The theory of a general quantum system interacting with a linear dissipative system",
  journal = "Annals of Physics ",
  volume  = "24",
  pages   = "118--173",
  year    = "1963",
  doi     = "10.1016/0003-4916(63)90068-X",
  author  = "R.P Feynman and F.L {Vernon Jr.}"
}


@article{Schwartz18,
  title = "A new computational method to quantify 3D383image data and to detail changes in morphological structure and spatial384relationships during nervous system development.",
  author = "M. Schwartz, J. Schnab, B.S. Baumer, M. Barresi",
  year = "2018"
}

@article{Hu18,
  title   = "Classification of Wild type and Mutant Zebrafish Brains viaComputational Method.",
  author  = "S. Hu, W. Li, D. Tang, J.Y. Yun",
  year    = "2018"
}

@Manual{rticles19,
    title = {rticles: Article Formats for R Markdown},
    author = {JJ Allaire and Yihui Xie and {R Foundation} and Hadley Wickham and {Journal of Statistical Software} and Ramnath  Vaidyanathan and {Association for Computing Machinery} and Carl Boettiger and {Elsevier} and Karl Broman and Kirill Mueller and Bastiaan Quast and Randall  Pruim and Ben Marwick and Charlotte Wickham and Oliver Keyes and Miao Yu and Daniel Emaasit and Thierry Onkelinx and Alessandro Gasparini and Marc-Andre Desautels and Dominik Leutnant and {MDPI} and Oğuzhan Öğreden and Dalton Hance and Daniel Nüst and Petter Uvesten and Elio Campitelli and John Muschelli},
    year = {2019},
    note = {R package version 0.7},
    url = {https://CRAN.R-project.org/package=rticles},
  }

@Manual{cranium,
  title = {Cranium: Quantifying Radial Bridge Structures},
  author = "Benjamin Baumer, Ziwei Crystal Zang, Emma Ning, Kalynn Kosyka",
  year = "2019",
  note = {R package version 0.0.1.9007} }

@Article{tidy-data,
  author = {Hadley Wickham},
  issue = {10},
  journal = {The Journal of Statistical Software},
  selected = {TRUE},
  title = {Tidy data},
  url = {http://www.jstatsoft.org/v59/i10/},
  volume = {59},
  year = {2014},
  bdsk-url-1 = {http://www.jstatsoft.org/v59/i10/},
}
